@manual{V401,
  author = {TU Dortmund},
  title = {V401 - Michelson-Interferometer},
  year = 2019
}
@web{spektrum,
  author ={Spektrum Akademischer Verlag},
  title = {Lexikon der Physik: Brechzahl},
  url = {https://www.spektrum.de/lexikon/physik/brechzahl/1958},
  year = {2019},
  month = {5}
}